@book{LeVequeFDM,
author = {LeVeque, Randall J.},
title = {Finite Difference Methods for Ordinary and Partial Differential Equations},
publisher = {Society for Industrial and Applied Mathematics},
year = {2007},
doi = {10.1137/1.9780898717839},
address = {},
edition   = {},
URL = {https://epubs.siam.org/doi/abs/10.1137/1.9780898717839},
eprint = {https://epubs.siam.org/doi/pdf/10.1137/1.9780898717839}
}

@book{YousefIter,
author = {Saad, Yousef},
title = {Iterative Methods for Sparse Linear Systems},
publisher = {Society for Industrial and Applied Mathematics},
year = {2003},
doi = {10.1137/1.9780898718003},
address = {},
edition   = {Second},
URL = {https://epubs.siam.org/doi/abs/10.1137/1.9780898718003},
eprint = {https://epubs.siam.org/doi/pdf/10.1137/1.9780898718003}
}

@book{BriggsMultigrid,
author = {Briggs, William L. and Henson, Van Emden and McCormick, Steve F.},
title = {A Multigrid Tutorial, Second Edition},
publisher = {Society for Industrial and Applied Mathematics},
year = {2000},
doi = {10.1137/1.9780898719505},
address = {},
edition   = {Second},
URL = {https://epubs.siam.org/doi/abs/10.1137/1.9780898719505},
eprint = {https://epubs.siam.org/doi/pdf/10.1137/1.9780898719505}
}

@book{zqhNA,
author = {Zhang, Qinghai},
title = {Notes on Numerical Analysis and Numerical Methods for Differential Equations},
publisher = {},
year = {2023},
doi = {},
address = {}
}

@techreport{boulic19913d,
  title={3d hierarchies for animation},
  author={Boulic, Ronan and Renault, Olivier},
  year={1991},
  institution={John Wiley and Sons}
}

@misc{dyer1995motion,
  title={Motion capture white paper},
  author={Dyer, Scott and Martin, Jeff and Zulauf, John},
  year={1995}
}

@inproceedings{holton1995soft,
  title={Soft cellular modelling: A technique for the simulation of non-rigid materials},
  author={Holton, Matthew and Alexander, Simon},
  booktitle={Computer graphics},
  pages={449--460},
  year={1995},
  organization={Academic Press Ltd.}
}

@book{knuth1986texbook,
  title={The texbook},
  author={Knuth, Donald Ervin and Bibby, Duane},
  volume={1993},
  year={1986},
  publisher={Addison-Wesley Reading, MA, USA}
}