@article{1988A,
  title={A Series of Collocation Runge-Kutta Methods},
  author={ Mitsui, T.  and  Sugiura, H. },
  year={1988},
}

@book{1987Solving,
  title={Solving ordinary differential equations I : nonstiff problems},
  author={ Hairer, E.  and SP NÃ¸rsett and  Wanner, G. },
  publisher={Solving ordinary differential equations I : nonstiff problems},
  year={1987},
}