@book{1987Solving,
  title={Solving ordinary differential equations I : nonstiff problems},
  author={ Hairer, E.  and SP Nørsett and  Wanner, G. },
  publisher={Solving ordinary differential equations I : nonstiff problems},
  year={1987},
}

@article{2002Solving,
  title={Solving Ordinary ,Differential Equations II. Stiff and Differential-Algebraic Problems/E. Hairer, G. Wanner, Second Revised Edition with 137 Figures , Vol.: 2},
  author={HAIRER and NORSETT and  S., P.  and WANNER},
  year={2002},
}

@book{rang2014apdative,
  title={Apdative Timestep Control for Fully Implicit Runge-Kutta Methods of Higher Order},
  author={Rang, Joachim},
  year={2014},
  publisher={Univ.-Bibl.}
}

@article{PRINCE198167,
title = {High order embedded Runge-Kutta formulae},
journal = {Journal of Computational and Applied Mathematics},
volume = {7},
number = {1},
pages = {67-75},
year = {1981},
issn = {0377-0427},
doi = {https://doi.org/10.1016/0771-050X(81)90010-3},
url = {https://www.sciencedirect.com/science/article/pii/0771050X81900103},
author = {P.J. Prince and J.R. Dormand},
abstract = {The criteria to be satisfied by embedded Runge-Kutta pairs of formulae are reviewed. Two new formulae of orders 6 and 8 are presented together with tests on their efficiency relative to other high order formulae in current use.}
}

@article{1969A,
  title={A class of A -stable methods},
  author={ Axelsson, O. },
  journal={Bit Numerical Mathematics},
  volume={9},
  number={3},
  pages={185-199},
  year={1969},
}

@article{XiaoMing2017More,
  title={More than six hundred new families of Newtonian periodic planar collisionless three-body orbits},
  author={XiaoMing and Li and ShiJun and Liao and School and of and Naval and Architecture and Ocean and and and },
  journal={Science China(Physics,Mechanics and Astronomy)},
  volume={12},
  number={v.60},
  pages={68-74},
  year={2017},
}

@article{2003Additive,
  title={Additive Runge-Kutta schemes for convection-diffusion-reaction equations},
  author={ Kennedy, C. A.  and  Carpenter, M. H. },
  journal={Applied Numerical Mathematics},
  volume={44},
  number={1-2},
  pages={139-181},
  year={2003},
}

@article{1974Newton,
  title={Newton-type methods for unconstrained and linearly constrained optimization},
  author={ Gill, P. E.  and  Murray, W. },
  journal={Mathematical Programming},
  volume={7},
  number={1},
  pages={311-350},
  year={1974},
}

@article{1999NumOpt,
  title={[Springer Series in Operations Research and Financial Engineering] Numerical Optimization ||},
  author={ Nocedal, J.  and  Wright, S. J. },
  volume={10.1007/b98874},
  year={1999},
}

@book{叶兴德2008数值分析基础,
  title={数值分析基础},
  author={叶兴德},
  publisher={数值分析基础},
  year={2008},
}